@inproceedings{zheng2007general,
  title={A general boosting method and its application to learning ranking functions for web search},
  author={Zheng, Zhaohui and Zha, Hongyuan and Zhang, Tong and Chapelle, Olivier and Chen, Keke and Sun, Gordon},
  booktitle={Advances in neural information processing systems},
  pages={1697--1704},
  year={2007}
}

@inproceedings{bhuiyan2012guise,
  title={GUISE: Uniform Sampling of Graphlets for Large Graph Analysis},
  author={Bhuiyan, Mansurul A and Rahman, Mahmudur and Rahman, Mahmuda and Al Hasan, Mohammad},
  booktitle={Data Mining (ICDM), 2012 IEEE 12th International Conference on},
  pages={91--100},
  year={2012},
  organization={IEEE}
}

@article{alon2007network,
  title={Network motifs: theory and experimental approaches},
  author={Alon, Uri},
  journal={Nature Reviews Genetics},
  volume={8},
  number={6},
  pages={450--461},
  year={2007},
  publisher={Nature Publishing Group}
}

@article{milo2002network,
  title={Network motifs: simple building blocks of complex networks},
  author={Milo, Ron and Shen-Orr, Shai and Itzkovitz, Shalev and Kashtan, Nadav and Chklovskii, Dmitri and Alon, Uri},
  journal={Science},
  volume={298},
  number={5594},
  pages={824--827},
  year={2002},
  publisher={American Association for the Advancement of Science}
}

@article{shen2002network,
  title={Network motifs in the transcriptional regulation network of Escherichia coli},
  author={Shen-Orr, Shai S and Milo, Ron and Mangan, Shmoolik and Alon, Uri},
  journal={Nature genetics},
  volume={31},
  number={1},
  pages={64--68},
  year={2002},
  publisher={Nature Publishing Group}
}

@article{bayati2010sequential,
  title={A sequential algorithm for generating random graphs},
  author={Bayati, Mohsen and Kim, Jeong Han and Saberi, Amin},
  journal={Algorithmica},
  volume={58},
  number={4},
  pages={860--910},
  year={2010},
  publisher={Springer}
}

@article{molloy1995critical,
  title={A critical point for random graphs with a given degree sequence},
  author={Molloy, Michael and Reed, Bruce},
  journal={Random structures \& algorithms},
  volume={6},
  number={2-3},
  pages={161--180},
  year={1995},
  publisher={Wiley Online Library}
}

@article{rao1996markov,
  title={A Markov chain Monte Carlo method for generating random (0, 1)-matrices with given marginals},
  author={Rao, A Ramachandra and Jana, Rabindranath and Bandyopadhyay, Suraj},
  journal={Sankhy{\=a}: The Indian Journal of Statistics, Series A},
  pages={225--242},
  year={1996},
  publisher={JSTOR}
}

@article{pedregosa2011scikit,
  title={Scikit-learn: Machine learning in Python},
  author={Pedregosa, Fabian and Varoquaux, Ga{\"e}l and Gramfort, Alexandre and Michel, Vincent and Thirion, Bertrand and Grisel, Olivier and Blondel, Mathieu and Prettenhofer, Peter and Weiss, Ron and Dubourg, Vincent and others},
  journal={The Journal of Machine Learning Research},
  volume={12},
  pages={2825--2830},
  year={2011},
  publisher={JMLR. org}
}

@article{friedman2002stochastic,
  title={Stochastic gradient boosting},
  author={Friedman, Jerome H},
  journal={Computational Statistics \& Data Analysis},
  volume={38},
  number={4},
  pages={367--378},
  year={2002},
  publisher={Elsevier}
}

@article{erdds1959random,
  title={On random graphs I.},
  author={Erdos, P and Renyi, A},
  journal={Publ. Math. Debrecen},
  volume={6},
  pages={290--297},
  year={1959}
}

@article{erdos1960random,
  title={On the evolution of random graphs.},
  author={Erdos, P and Renyi, A},
  journal={Magyar Tud. Akad. Mat. Kutato Int. Koezl},
  year={1960}
}

@article{watts1998collective,
  title={Collective dynamics of small-world networks},
  author={Watts, Duncan J and Strogatz, Steven H},
  journal={Nature},
  volume={393},
  number={6684},
  pages={440--442},
  year={1998},
  publisher={Nature Publishing Group}
}

@article{albert2002statistical,
  title={Statistical mechanics of complex networks},
  author={Albert, R{\'e}ka and Barab{\'a}si, Albert-L{\'a}szl{\'o}},
  journal={Reviews of modern physics},
  volume={74},
  number={1},
  pages={47},
  year={2002},
  publisher={APS}
}

@article{milo04random,
    title = {On the uniform generation of random graphs with prescribed
    degree sequences},
    author={R. Milo, N. Kashtan, S. Itzkovitz, M.E.J. Newman, and U. Alon},
    journal={arXiv:cond-mat/0312028v2},
    year={2004}
}

@article{newman2009random,
  title={Random graphs with clustering},
  author={Newman, Mark EJ},
  journal={Physical review letters},
  volume={103},
  number={5},
  pages={058701},
  year={2009},
  publisher={APS}
}

@article{molloy1995critical,
  title={A critical point for random graphs with a given degree sequence},
  author={Molloy, Michael and Reed, Bruce},
  journal={Random structures \& algorithms},
  volume={6},
  number={2-3},
  pages={161--180},
  year={1995},
  publisher={Wiley Online Library}
}

@article{chuanqi,
	title={CURIS Project on Clustering Social Networks.},
	author={Chuanqi Shen},
	year={2013}
}

@article{hemmecke2009nonlinear,
  title={Nonlinear integer programming},
  author={Hemmecke, Raymond and K{\"o}ppe, Matthias and Lee, Jon and Weismantel, Robert},
  journal={arXiv preprint arXiv:0906.5171},
  year={2009}
}

@book{karp1972reducibility,
  title={Reducibility among combinatorial problems},
  author={Karp, Richard M},
  year={1972},
  publisher={Springer}
}
